<?xml version="1.0" encoding="UTF-8"?>
<record xmlns="http://www.loc.gov/MARC21/slim" xmlns:xsi="http://www.w3.org/2001/XMLSchema-instance" xsi:schemaLocation="http://www.loc.gov/MARC21/slim http://www.loc.gov/standards/marcxml/schema/MARC21slim.xsd">
<leader>00000cam a22      i 4500</leader>
<controlfield tag="001">001677232</controlfield>
<controlfield tag="003">NNU</controlfield>
<controlfield tag="005">20150605172312.0</controlfield>
<controlfield tag="008">850225r19681930iq            000 0 arar</controlfield>
<datafield tag="010" ind1=" " ind2=" ">
<subfield code="a">   74961277</subfield>
</datafield>
<datafield tag="020" ind1=" " ind2=" ">
<subfield code="c">£E1.50</subfield>
</datafield>
<datafield tag="035" ind1=" " ind2=" ">
<subfield code="a">(OCoLC)13884074</subfield>
</datafield>
<datafield tag="040" ind1=" " ind2=" ">
<subfield code="a">DLC</subfield>
<subfield code="b">eng</subfield>
<subfield code="c">NYP</subfield>
<subfield code="d">UUM</subfield>
<subfield code="d">IUL</subfield>
<subfield code="d">BUF</subfield>
<subfield code="d">OCLCA</subfield>
<subfield code="d">OCLCQ</subfield>
<subfield code="d">OCLCF</subfield>
<subfield code="d">NNU</subfield>
</datafield>
<datafield tag="050" ind1="1" ind2="4">
<subfield code="a">BP192.2</subfield>
<subfield code="b">.S5</subfield>
</datafield>
<datafield tag="100" ind1="1" ind2=" ">
<subfield code="6">880-01</subfield>
<subfield code="a">Shaybānī, Muḥammad ibn al-Ḥasan,</subfield>
<subfield code="d">approximately 750-804 or 805.</subfield>
</datafield>
<datafield tag="245" ind1="1" ind2="3">
<subfield code="6">880-02</subfield>
<subfield code="a">al-Makhārij fī al-ḥiyal /</subfield>
<subfield code="c">taʼlīf Muḥammad ibn al-Ḥasan al-Shaybānī.</subfield>
</datafield>
<datafield tag="246" ind1="1" ind2=" ">
<subfield code="i">Title on added t.p.:</subfield>
<subfield code="a">Kitab al-makharij fiʼl-hiyal</subfield>
</datafield>
<datafield tag="246" ind1="1" ind2="4">
<subfield code="6">880-03</subfield>
<subfield code="a">Kitāb al-makhārij fī al-ḥiyal</subfield>
</datafield>
<datafield tag="260" ind1=" " ind2=" ">
<subfield code="6">880-04</subfield>
<subfield code="a">Baghdād :</subfield>
<subfield code="b">Maktabat al-Muthanná,</subfield>
<subfield code="c">[1968?]</subfield>
</datafield>
<datafield tag="300" ind1=" " ind2=" ">
<subfield code="a">140 pages ;</subfield>
<subfield code="c">25 cm</subfield>
</datafield>
<datafield tag="336" ind1=" " ind2=" ">
<subfield code="a">text</subfield>
<subfield code="b">txt</subfield>
<subfield code="2">rdacontent</subfield>
</datafield>
<datafield tag="337" ind1=" " ind2=" ">
<subfield code="a">unmediated</subfield>
<subfield code="b">n</subfield>
<subfield code="2">rdamedia</subfield>
</datafield>
<datafield tag="338" ind1=" " ind2=" ">
<subfield code="a">volume</subfield>
<subfield code="b">nc</subfield>
<subfield code="2">rdacarrier</subfield>
</datafield>
<datafield tag="500" ind1=" " ind2=" ">
<subfield code="a">Reprint of the ed. prepared by J. Schacht and published in Leipzig, 1930.</subfield>
</datafield>
<datafield tag="650" ind1=" " ind2="0">
<subfield code="a">Fatwas.</subfield>
</datafield>
<datafield tag="650" ind1=" " ind2="0">
<subfield code="a">Hanafites.</subfield>
</datafield>
<datafield tag="650" ind1=" " ind2="7">
<subfield code="a">Fatwas.</subfield>
<subfield code="2">fast</subfield>
<subfield code="0">(OCoLC)fst00921976</subfield>
</datafield>
<datafield tag="650" ind1=" " ind2="7">
<subfield code="a">Hanafites.</subfield>
<subfield code="2">fast</subfield>
<subfield code="0">(OCoLC)fst00950818</subfield>
</datafield>
<datafield tag="700" ind1="1" ind2=" ">
<subfield code="a">Schacht, Joseph,</subfield>
<subfield code="d">1902-1969.</subfield>
</datafield>
<datafield tag="776" ind1="0" ind2="8">
<subfield code="i">Online version:</subfield>
<subfield code="a">Shaybānī, Muḥammad ibn al-Ḥasan, approximately 750-804 or 5.</subfield>
<subfield code="t">Makhārij fī al-ḥiyal.</subfield>
<subfield code="d">Baghdād : Maktabat al-Muthanná, [1968?]</subfield>
<subfield code="w">(OCoLC)561222539</subfield>
</datafield>
<datafield tag="776" ind1="0" ind2="8">
<subfield code="i">Online version:</subfield>
<subfield code="a">Shaybānī, Muḥammad ibn al-Ḥasan, approximately 750-804 or 5.</subfield>
<subfield code="t">Makhārij fī al-ḥiyal.</subfield>
<subfield code="d">Baghdād : Maktabat al-Muthanná, [1968?]</subfield>
<subfield code="w">(OCoLC)607748913</subfield>
</datafield>
<datafield tag="880" ind1="1" ind2=" ">
<subfield code="6">100-01/</subfield>
<subfield code="a">شيباني، محمد بن الحسن،</subfield>
<subfield code="d">approximately 750-804 or 805.</subfield>
</datafield>
<datafield tag="880" ind1="1" ind2="2">
<subfield code="6">245-02/</subfield>
<subfield code="a">المخارج في الحيل /</subfield>
<subfield code="c">تأليف محمد بن الحسن الشيباني.</subfield>
</datafield>
<datafield tag="880" ind1="1" ind2="4">
<subfield code="6">246-03/</subfield>
<subfield code="a">كتاب المخارج في الحيل</subfield>
</datafield>
<datafield tag="880" ind1=" " ind2=" ">
<subfield code="6">260-04/</subfield>
<subfield code="a">بغداد :</subfield>
<subfield code="b">مكتبة المثنى،</subfield>
<subfield code="c">[1968؟]</subfield>
</datafield>
<datafield tag="OWN" ind1=" " ind2=" ">
<subfield code="a">GENERAL</subfield>
</datafield>
<datafield tag="AVA" ind1=" " ind2=" ">
<subfield code="a">NYU50</subfield>
<subfield code="b">BOBST</subfield>
<subfield code="c">Main Collection</subfield>
<subfield code="d">BP152 .S5 1968</subfield>
<subfield code="e">unavailable</subfield>
<subfield code="t">Unavailable</subfield>
<subfield code="f">1</subfield>
<subfield code="g">1</subfield>
<subfield code="h">N</subfield>
<subfield code="i">2</subfield>
<subfield code="j">MAIN</subfield>
<subfield code="k">0</subfield>
</datafield>
</record>
